@book{bathe2006finite,
  title={Finite element procedures},
  author={Bathe, Klaus-J{\"u}rgen},
  year={2006},
  publisher={Klaus-Jurgen Bathe}
}

@book{hutton2004fundamentals,
  title={Fundamentals of finite element analysis},
  author={Hutton, David V and Wu, Jianhua},
  volume={1},
  year={2004},
  publisher={McGraw-hill New York}
}

@article{wang2015direct,
  title={A direct minimization technique for finding minimum energy configurations for beam buckling and post-buckling problems with constraints},
  author={Wang, Zhujiang and Ruimi, Annie and Srinivasa, AR},
  journal={International Journal of Solids and Structures},
  volume={72},
  pages={165--173},
  year={2015},
  publisher={Elsevier}
}

@article{felippa1977numerical,
  title={Numerical experiments in finite element grid optimization by direct energy search},
  author={Felippa, Carlos A},
  journal={Applied Mathematical Modelling},
  volume={1},
  number={5},
  pages={239--244},
  year={1977},
  publisher={Elsevier}
}

@article{baghmisheh2012hybrid,
  title={A hybrid particle swarm--Nelder--Mead optimization method for crack detection in cantilever beams},
  author={Baghmisheh, MT Vakil and Peimani, Mansour and Sadeghi, Morteza Homayoun and Ettefagh, Mir Mohammad and Tabrizi, Aysa Fakheri},
  journal={Applied Soft Computing},
  volume={12},
  number={8},
  pages={2217--2226},
  year={2012},
  publisher={Elsevier}
}

@book{christensen2015learning,
  title={Learning SciPy for Numerical and Scientific Computing},
  author={Christensen, Erik A and Blanco-Silva, Francisco J and others},
  year={2015},
  publisher={Packt Publishing Ltd}
}

@article{liu2013fast,
  title={Fast simulation of mass-spring systems},
  author={Liu, Tiantian and Bargteil, Adam W and O'Brien, James F and Kavan, Ladislav},
  journal={ACM Transactions on Graphics (TOG)},
  volume={32},
  number={6},
  pages={214},
  year={2013},
  publisher={ACM}
}

@article{storn1997differential,
  title={Differential evolution--a simple and efficient heuristic for global optimization over continuous spaces},
  author={Storn, Rainer and Price, Kenneth},
  journal={Journal of global optimization},
  volume={11},
  number={4},
  pages={341--359},
  year={1997},
  publisher={Springer}
}

@article{schlick1987powerful,
  title={A powerful truncated Newton method for potential energy minimization},
  author={Schlick, Tamar and Overton, Michael},
  journal={Journal of Computational Chemistry},
  volume={8},
  number={7},
  pages={1025--1039},
  year={1987},
  publisher={Wiley Online Library}
}

@inproceedings{wendorff2016comparing,
  title={Comparing Different Off-the-Shelf Optimizers' Performance in Conceptual Aircraft Design},
  author={Wendorff, Andrew and Botero, Emilio and Alonso, Juan J},
  booktitle={17th AIAA/ISSMO Multidisciplinary Analysis and Optimization Conference},
  pages={3362},
  year={2016}
}

@article{zhu1997algorithm,
  title={Algorithm 778: L-BFGS-B: Fortran subroutines for large-scale bound-constrained optimization},
  author={Zhu, Ciyou and Byrd, Richard H and Lu, Peihuang and Nocedal, Jorge},
  journal={ACM Transactions on Mathematical Software (TOMS)},
  volume={23},
  number={4},
  pages={550--560},
  year={1997},
  publisher={ACM}
}

@article{hill1959some,
  title={Some basic principles in the mechanics of solids without a natural time},
  author={Hill, R},
  journal={Journal of the Mechanics and Physics of Solids},
  volume={7},
  number={3},
  pages={209--225},
  year={1959},
  publisher={Elsevier}
}

@book{reddy2007introduction,
  title={An introduction to continuum mechanics},
  author={Reddy, Junuthula Narasimha},
  year={2007},
  publisher={Cambridge university press}
}